@inproceedings{codealchemist,
  author={Han, HyungSeok and Oh, DongHyeon and Cha, Sang Kil},
  title={CodeAlchemist: Semantics-Aware Code Generation to Find Vulnerabilities in JavaScript Engines.},
  booktitle = {In Proceedings of the 26th Annual Network and Distributed System Security Symposium},
  series = {NDSS'19},
  year = {2019},
  location = {San Diego, CA, USA},
}

@inproceedings{csmith,
  author={Yang, Xuejun and Chen, Yang and Eide, Eric and Regehr, John},
  title={Finding and understanding bugs in C compilers},
  booktitle={Proceedings of the 32nd ACM SIGPLAN conference on Programming language design and implementation},
  series = {PLDI'11},
  year = {2011},
  location = {San Jose, CA, USA},
  url = {https://dl.acm.org/10.1145/1993498.1993532},
  doi = {10.1145/1993498.1993532},
}

@inproceedings{grammar-whitebox,
  author={Godefroid, Patrice and Kiezun, Adam and Levin, Michael Y},
  title={Grammar-based whitebox fuzzing},
  booktitle={Proceedings of the 29th ACM SIGPLAN Conference on Programming Language Design and Implementation},
  series = {PLDI'08},
  year = {2008},
  location = {Tucson, Arizona, USA},
  url = {https://dl.acm.org/10.1145/1375581.1375607},
  doi = {10.1145/1375581.1375607},
}

@article{montage,
  title={Montage: A Neural Network Language Model-Guided JavaScript Engine Fuzzer},
  author={Lee, Suyoung and Han, HyungSeok and Cha, Sang Kil and Son, Sooel},
  journal={arXiv preprint arXiv:2001.04107},
  year={2020}
}

@article{quickcheck,
  title={QuickCheck: a lightweight tool for random testing of Haskell programs},
  author={Claessen, Koen and Hughes, John},
  journal={Acm sigplan notices},
  volume={46},
  number={4},
  pages={53--64},
  year={2011},
  publisher={ACM New York, NY, USA}
}

@inproceedings{sage,
  author={Godefroid, Patrice and Levin, Michael Y and Molnar, David},
  title={Automated Whitebox Fuzz Testing},
  booktitle = {In Proceedings of the 15th Annual Network and Distributed System Security Symposium},
  series = {NDSS'08},
  year = {2008},
  location = {San Diego, CA, USA},
}

@article{cfg-gen,
  title={Generating strings at random from a context free grammar},
  author={McKenzie, Bruce},
  year={1997},
  publisher={University of Canterbury. Computer Science and Software Engineering}
}
